%% This BibTeX bibliography file was created using BibDesk.
%% http://bibdesk.sourceforge.net/

%% Created for dh at 2020-03-06 11:02:56 +0100 


%% Saved with string encoding Unicode (UTF-8) 



@inproceedings{LoesingMD10-tor,
	Author = {Karsten Loesing and Steven J. Murdoch and Roger Dingledine},
	Booktitle = {Financial Cryptography (FC)},
	Crossref = {DBLP:conf/fc/2010w},
	Date-Added = {2020-03-06 09:45:27 +0100},
	Date-Modified = {2020-03-06 09:47:58 +0100},
	Pages = {203--215},
	Title = {A Case Study on Measuring Statistical Data in the Tor Anonymity Network},
	Year = {2010},
	Bdsk-Url-1 = {https://doi.org/10.1007/978-3-642-14992-4%5C_19}}

